@preamble{ " \newcommand{\noop}[1]{} " } % a do-nothing command that serves a purpose

@article{torkamaneh2016,
  author = {Torkamaneh, Davoud AND Laroche, Jérôme AND Belzile, François},
  journal = {PLOS ONE},
  publisher = {Public Library of Science},
  title = {Genome-Wide SNP Calling from Genotyping by Sequencing (GBS) Data: A Comparison of Seven Pipelines and Two Sequencing Technologies},
  year = {2016},
  month = {08},
  volume = {11},
  pages = {1--14},
  number = {8},
  doi = {10.1371/journal.pone.0161333}
}

@article{hurt2021,
  author = {Carla Hurt and Kristen Hultgren and Arthur Anker and Alan Lemmon and Emily Lemmon and Heather Bracken-Grissom},
  journal = {Molecular Phylogenetics and Evolution},
  title = {First Worldwide Molecular Phylogeny of the Morphologically and Ecologically Hyperdiversified Snapping Shrimp Genus {\itshape Alpheus} (Mal\-a\-cos\-tra\-ca: Dec\-a\-pod\-a)},
  year = "\noop{2021}in press",
  journal = "Molecular Phylogenetics and Evolution",
}

@article{watts2019,
  author = {Watts, Corinne and Dopheide, Andrew and Holdaway, Robert and Davis, Carina and Wood, Jamie and Thornburrow, Danny and Dickie, Ian A},
  title = {DNA metabarcoding as a tool for invertebrate community monitoring: a case study comparison with conventional techniques},
  journal = {Austral Entomology},
  volume = {58},
  number = {3},
  pages = {675--686},
  keywords = {COI, edge effect, environmental DNA, forest},
  doi = {10.1111/aen.12384},
  year = {2019}
}

@INPROCEEDINGS{paudel2019a,
  author={Ramesh {Paudel} and Timothy {Muncy} and William {Eberle}},
  booktitle={2019 IEEE International Conference on Big Data (Big Data)}, 
  title={Detecting DoS Attack in Smart Home IoT Devices Using a Graph-Based Approach}, 
  year={2019},
  volume={},
  number={},
  pages={5249--5258},
  doi={10.1109/BigData47090.2019.9006156}
}

@inproceedings{paudel2019b,
  author = {Paudel, Ramesh and Harlan, Peter and Eberle, William},
  year = {2019},
  month = {05},
  pages = {38--43},
  booktitle={International Conference of the Florida AI Research Society (FLAIRS)},
  title = {Detecting the Onset of a Network Layer DoS Attack with a Graph-Based Approach}
}

@inproceedings{paudel2018,
  title={Cognitive Health Prediction on the Elderly Using Sensor Data in Smart Homes},
  author={Ramesh Paudel and Kimberlyn Dunn and William Eberle and Danielle Chaung},
  booktitle={International Conference of the Florida AI Research Society (FLAIRS)},
  year={2018},
  month = {05},
  pages = {317--322},
}

@inproceedings{mookiah2017,
  title={Graph-Based Anomaly Detection on Smart Grid Data},
  author={Lenin Mookiah and Chris Dean and William Eberle},
  booktitle={International Conference of the Florida AI Research Society (FLAIRS)},
  year={2017},
  month = {05},
  pages = {306--311},
}
